
@article{shwartz_ica_2004,
	title = {{ICA} using kernel entropy estimation with {NlogN} complexity},
	journal = {Lecture notes in computer science},
	author = {Shwartz, Sarit and Zibulevsky, Michael and Schechner, Yoav Y.},
	year = {2004},
	pages = {422--429},
	file = {Shwartz_ICA04.pdf:/Users/adamjump/Library/Application Support/Firefox/Profiles/hmqr6auq.ajump/zotero/storage/8SXFIQP5/Shwartz_ICA04.pdf:application/pdf}
}

@book{orfanidis_introduction_1996,
	address = {Englewood Cliffs, N.J},
	series = {Prentice {Hall} signal processing series},
	title = {Introduction to signal processing},
	isbn = {978-0-13-209172-5},
	publisher = {Prentice Hall},
	author = {Orfanidis, Sophocles J.},
	year = {1996},
	keywords = {Digital techniques, Signal processing},
	file = {orfanidis-i2sp.pdf:/Users/adamjump/Library/Application Support/Firefox/Profiles/hmqr6auq.ajump/zotero/storage/PPENPT8X/orfanidis-i2sp.pdf:application/pdf}
}

@incollection{czarnowski_patients_2018,
	address = {Cham},
	title = {Patients’ {EEG} {Data} {Analysis} via {Spectrogram} {Image} with a {Convolution} {Neural} {Network}},
	volume = {72},
	isbn = {978-3-319-59420-0 978-3-319-59421-7},
	url = {http://link.springer.com/10.1007/978-3-319-59421-7_2},
	urldate = {2017-12-07},
	booktitle = {Intelligent {Decision} {Technologies} 2017},
	publisher = {Springer International Publishing},
	author = {Yuan, Longhao and Cao, Jianting},
	editor = {Czarnowski, Ireneusz and Howlett, Robert J. and Jain, Lakhmi C.},
	year = {2018},
	note = {DOI: 10.1007/978-3-319-59421-7\_2},
	pages = {13--21},
	file = {9783319594200-c2.pdf:/Users/adamjump/Library/Application Support/Firefox/Profiles/hmqr6auq.ajump/zotero/storage/HFCM92GM/9783319594200-c2.pdf:application/pdf}
}

@inproceedings{kothe_emotion_2013,
	title = {Emotion recognition from {EEG} during self-paced emotional imagery},
	booktitle = {Affective {Computing} and {Intelligent} {Interaction} ({ACII}), 2013 {Humaine} {Association} {Conference} on},
	publisher = {IEEE},
	author = {Kothe, Christian Andreas and Makeig, Scott and Onton, Julie Anne},
	year = {2013},
	pages = {855--858},
	file = {ABCI_Kothe_Onton_Makeig13.pdf:/Users/adamjump/Library/Application Support/Firefox/Profiles/hmqr6auq.ajump/zotero/storage/2WBGKDU5/ABCI_Kothe_Onton_Makeig13.pdf:application/pdf}
}

@article{rodriguez-bermudez_analysis_2015,
	title = {Analysis of {EEG} signals using nonlinear dynamics and chaos: a review},
	volume = {9},
	shorttitle = {Analysis of {EEG} signals using nonlinear dynamics and chaos},
	number = {5},
	journal = {Applied Mathematics \& Information Sciences},
	author = {Rodríguez-Bermúdez, Germán and Garcia-Laencina, Pedro J.},
	year = {2015},
	pages = {2309},
	file = {d4c96j5fp99493.pdf:/Users/adamjump/Library/Application Support/Firefox/Profiles/hmqr6auq.ajump/zotero/storage/GRE5HJBP/d4c96j5fp99493.pdf:application/pdf}
}

@article{yurci_emotion_2014,
	title = {Emotion {Detection} {From} {EEG} {Signals}: {Correlating} {Cerebral} {Cortex} {Activity} with {Music} {Evoked} {Emotion}},
	shorttitle = {Emotion {Detection} {From} {EEG} {Signals}},
	journal = {Universitat Pompeu Fabra, Barcelona},
	author = {Yurci, Erim},
	year = {2014},
	file = {Erim-Yurci-Master-Thesis-2014.pdf:/Users/adamjump/Library/Application Support/Firefox/Profiles/hmqr6auq.ajump/zotero/storage/A466VXTR/Erim-Yurci-Master-Thesis-2014.pdf:application/pdf}
}

@article{ulbikas_chaos_1998,
	title = {Chaos parameters for {EEG} analysis},
	volume = {3},
	journal = {Nonlinear Analysis: Modelling and Control},
	author = {Ulbikas, J. and Cenys, A. and Sulimova, O. P.},
	year = {1998},
	pages = {1--8},
	file = {NA00310.pdf:/Users/adamjump/Library/Application Support/Firefox/Profiles/hmqr6auq.ajump/zotero/storage/FNSJ8264/NA00310.pdf:application/pdf}
}

@misc{xiu_multivariate_nodate,
	title = {Multivariate {Chaotic} {Time} {Series} {Prediction} {Based} on {NARX} {Neural} {Networks}},
	publisher = {Atlantis Press},
	author = {Xiu, Yan and Zhang, Wei},
	file = {040.pdf:/Users/adamjump/Library/Application Support/Firefox/Profiles/hmqr6auq.ajump/zotero/storage/5ENJWJU9/040.pdf:application/pdf}
}

@book{tatum_handbook_2013,
	address = {New York [N.Y.},
	title = {Handbook of {EEG} interpretation},
	isbn = {978-1-78268-372-8},
	shorttitle = {{EEGHandbook}},
	url = {http://www.credoreference.com/book/spheegi},
	abstract = {EEG interpretation is a critical skill for most practicing neurologists, as well as for an increasing number of specialists in other practice settings. Handbook of EEG Interpretation, the first illustrated, portable handbook to discuss all aspects of clinical neurophysiology, is an essential means of quick reference for anyone involved in EEG interpretation.},
	language = {English},
	urldate = {2017-12-09},
	publisher = {Demos Medical Pub.},
	author = {Tatum, William O},
	year = {2013},
	note = {OCLC: 841495449},
	file = {Handbook of EEG Interpretation.pdf:/Users/adamjump/Library/Application Support/Firefox/Profiles/hmqr6auq.ajump/zotero/storage/FU2794AB/Handbook of EEG Interpretation.pdf:application/pdf}
}

@book{rudolf_computational_nodate,
	title = {Computational {Intelligence}: {A} {Methodological} {Introduction}},
	publisher = {Springer},
	author = {Rudolf, , Kruse and Christian, Borgelt and Christian, Braune and Sanaz, Mostaghim}
}

@book{orfanidis_introduction_1996-1,
	address = {Englewood Cliffs, N.J},
	series = {Prentice {Hall} signal processing series},
	title = {Introduction to signal processing},
	isbn = {978-0-13-209172-5},
	publisher = {Prentice Hall},
	author = {Orfanidis, Sophocles J.},
	year = {1996},
	keywords = {Digital techniques, Signal processing},
	file = {orfanidis-i2sp.pdf:/Users/adamjump/Library/Application Support/Firefox/Profiles/hmqr6auq.ajump/zotero/storage/IDCXXNRQ/orfanidis-i2sp.pdf:application/pdf}
}
